@Article{amezquita2020orchestrating,
   Author="Amezquita, R. A.  and Lun, A. T. L.  and Becht, E.  and Carey, V. J.  and Carpp, L. N.  and Geistlinger, L.  and Marini, F.  and Rue-Albrecht, K.  and Risso, D.  and Soneson, C.  and Waldron, L.  and Pag√®s, H.  and Smith, M. L.  and Huber, W.  and Morgan, M.  and Gottardo, R.  and Hicks, S. C. ",
   Title="{{O}rchestrating single-cell analysis with {B}ioconductor}",
   Journal="Nat Methods",
   Year="2020",
   Volume="17",
   Number="2",
   Pages="137--145",
   Month="02"
}

@misc{oscabook,
  title="{O}rchestrating single-cell analysis with {B}ioconductor",
  Author="Lun, A. T. L. and Amezquita, R. A. and Gottardo, R.  and Hicks, S. C.",
  Publisher="Bioconductor",
  Year="2020",
  note={\url{https://bioconductor.org/books/release/OSCA/}}
}

@misc{tatami,
  title="A {C}++ {A}{P}{I} for all sorts of matrices",
  author="Lun, A. T. L.",
  year="2021",
  note={\url{https://github.com/LTLA/tatami}}
}

@misc{knncolle,
  title="Collection of {K}{N}{N} algorithms",
  author="Lun, A. T. L.",
  year="2021",
  note={\url{https://github.com/LTLA/knncolle}}
}

@misc{cppirlba,
  title="C++ library for {I}{R}{L}{B}{A}",
  author="Lun, A. T. L.",
  year="2021",
  note={\url{https://github.com/LTLA/CppIrlba}}
}

@misc{annoy,
  title="Annoy",
  author="Bernhardsson, E.",
  year="2021",
  note={\url{https://github.com/spotify/annoy}}
}

@Manual{delayedarray,
  title = {DelayedArray: A unified framework for working transparently with on-disk and
-memory array-like datasets},
  author = {Pag\`es H. and Hickey P. and Lun A. T. L.},
  year = {2021},
  note = {R package version 0.20.0},
  url = {https://bioconductor.org/packages/DelayedArray},
}

@Manual{biocneighbors,
  title = {BiocNeighbors: Nearest Neighbor Detection for Bioconductor Packages},
  author = {Lun, A. T. L.},
  year = {2021},
  note = {R package version 1.12.0},
  url = {https://bioconductor.org/packages/BiocNeighbors}
}

@article{baglama2005augmented,
author = {Baglama, James and Reichel, Lothar},
title = {Augmented Implicitly Restarted Lanczos Bidiagonalization Methods},
journal = {SIAM Journal on Scientific Computing},
volume = {27},
number = {1},
pages = {19-42},
year = {2005}
}

@Manual{irlba,
title = {irlba: Fast Truncated Singular Value Decomposition and Principal
Components Analysis for Large Dense and Sparse Matrices},
author = {Jim Baglama and Lothar Reichel and B. W. Lewis},
year = {2019},
note = {R package version 2.3.3},
url = {https://CRAN.R-project.org/package=irlba},
}

@misc{cppkmeans,
  title="C++ library for k-means",
  author="Lun, A. T. L.",
  year="2021",
  note={\url{https://github.com/LTLA/CppKmeans}}
}

@misc{cppweightedlowess,
  title="Weighted {L}{O}{W}{E}{S}{S} for {C}++",
  author="Lun, A. T. L.",
  year="2021",
  note={\url{https://github.com/LTLA/CppWeightedLowess}}
}

@article{hartiganwong,
 author = {Hartigan, J. A. and Wong, M. A.},
 journal = {Journal of the Royal Statistical Society. Series C (Applied Statistics)},
 number = {1},
 pages = {100--108},
 title = {Algorithm AS 136: A K-Means Clustering Algorithm},
 volume = {28},
 year = {1979}
}

@ARTICLE{lloyd,
  author={Lloyd, S.},
  journal={IEEE Transactions on Information Theory},
  title={Least squares quantization in PCM},
  year={1982},
  volume={28},
  number={2},
  pages={129-137}
}

@Article{ritchie2015limma,
author = {Matthew E Ritchie and Belinda Phipson and Di Wu and Yifang Hu and Charity W Law and Wei Shi and Gordon K Smyth},
title = {{limma} powers differential expression analyses for {RNA}-sequencing and microarray studies},
journal = {Nucleic Acids Research},
year = {2015},
volume = {43},
number = {7},
pages = {e47},
doi = {10.1093/nar/gkv007},
}

@article{cleveland1979robust,
author = { William S.   Cleveland },
title = {Robust Locally Weighted Regression and Smoothing Scatterplots},
journal = {Journal of the American Statistical Association},
volume = {74},
number = {368},
pages = {829-836},
year  = {1979}
}

@misc{qdtsne,
  title="C++ library for t-{S}{N}{E}",
  author="Lun, A. T. L.",
  year="2021",
  note={\url{https://github.com/LTLA/qdtsne}}
}

@misc{umappp,
  title="A C++ library for {U}{M}{A}{P}",
  author="Lun, A. T. L.",
  year="2021",
  note={\url{https://github.com/LTLA/umappp}}
}

@article{maaten2014accelerating,
  author  = {Laurens van der Maaten},
  title   = {Accelerating t-SNE using Tree-Based Algorithms},
  journal = {Journal of Machine Learning Research},
  year    = {2014},
  volume  = {15},
  number  = {93},
  pages   = {3221-3245},
  url     = {http://jmlr.org/papers/v15/vandermaaten14a.html}
}

@Manual{rtsne,
title = {{Rtsne}: T-Distributed Stochastic Neighbor Embedding using Barnes-Hut
Implementation},
author = {Jesse H. Krijthe},
year = {2015},
note = {R package version 0.16},
url = {https://github.com/jkrijthe/Rtsne}
}

@article{mcinnes2018umap,
  title={{U}{M}{A}{P}: Uniform Manifold Approximation and Projection},
  author={McInnes, Leland and Healy, John and Saul, Nathaniel and Grossberger, Lukas},
  journal={The Journal of Open Source Software},
  volume={3},
  number={29},
  pages={861},
  year={2018}
}

@Manual{uwot,
title = {uwot: The Uniform Manifold Approximation and Projection (UMAP) Method for Dimensionality Reduction},
author = {James Melville},
note = {R package version 0.1.10.9000},
url = {https://github.com/jlmelville/uwot},
}

@article{libscran,
  title="A C++ library for single-cell data analysis",
  author="Lun, A. T. L.",
  year="2021",
  note={\url{https://github.com/LTLA/libscran}}
}

@Article{lun2016step,
author = {Aaron T. L. Lun and Davis J. McCarthy and John C. Marioni},
title = {A step-by-step workflow for low-level analysis of single-cell RNA-seq data with Bioconductor},
journal = {F1000Res.},
year = {2016},
volume = {5},
pages = {2122},
doi = {10.12688/f1000research.9501.2},
}

@Article{lun2017scater,
author = {Davis J. McCarthy and Kieran R. Campbell and Aaron T. L. Lun and Quin F. Willis},
title = {Scater: pre-processing, quality control, normalisation and visualisation of single-cell {R}{N}{A}-seq data in {R}},
journal = {Bioinformatics},
year = {2017},
volume = {33},
issue = {8},
pages = {1179-1186},
doi = {10.1093/bioinformatics/btw777},
}

